<?xml version="1.0" encoding="UTF-8"?><collection xmlns="http://www.loc.gov/MARC21/slim"><record><leader>00576nam--2200193-u-4500</leader><controlfield tag="001">000053558</controlfield><controlfield tag="002">20161230</controlfield><controlfield tag="005">20161230201051</controlfield><controlfield tag="008">110427s1000------------r-----000-0-rus-d</controlfield><datafield ind1=" " ind2=" " tag="040"><subfield code="a">IFIN-HH</subfield></datafield><datafield ind1=" " ind2=" " tag="041"><subfield code="a">rus</subfield></datafield><datafield ind1=" " ind2=" " tag="080"><subfield code="a">539.184.3</subfield></datafield><datafield ind1="1" ind2=" " tag="100"><subfield code="a">Kliucharev, A.N</subfield></datafield><datafield ind1="1" ind2="0" tag="245"><subfield code="a">Protessi vozbujdenia i ionizatii atomov pri pogloshchenii sveta</subfield><subfield code="b">(optikescki vozbukdennie sredi)</subfield><subfield code="c">A.n. kliucharev; n.n. bezuglov</subfield></datafield><datafield ind1=" " ind2=" " tag="260"><subfield code="a">Leningrad</subfield><subfield code="b">Leningradskogo Universiteta</subfield><subfield code="c">1983</subfield></datafield><datafield ind1=" " ind2=" " tag="300"><subfield code="a">272P</subfield></datafield><datafield ind1="1" ind2=" " tag="700"><subfield code="a">Bezuglov, N.N</subfield></datafield><datafield ind1=" " ind2=" " tag="852"><subfield code="a">71726</subfield><subfield code="c">535.37</subfield></datafield><datafield ind1=" " ind2=" " tag="CAT"><subfield code="a">Sys</subfield><subfield code="c">20110427</subfield><subfield code="h">150834</subfield></datafield></record></collection>